<collection xmlns="http://www.loc.gov/MARC21/slim">
<record>
  <leader>01753ncm0a22003251i 450 </leader>
  <controlfield tag="001">IT\ICCU\CNCE\046487</controlfield>
  <controlfield tag="005">20061213000000.0</controlfield>
  <datafield tag="100" ind1=" " ind2=" ">
    <subfield code="a">19990202d1585        0itac0103    ba</subfield>
  </datafield>
  <datafield tag="101" ind1=" " ind2=" ">
    <subfield code="a">LAT</subfield>
  </datafield>
  <datafield tag="102" ind1=" " ind2=" ">
    <subfield code="a">IT</subfield>
  </datafield>
  <datafield tag="200" ind1="1" ind2=" ">
    <subfield code="a">℗Thomae Ludovici a Victoria Abulensis ℗motecta festorum quae partim senis, partim quinis, partim quaternis, alia octonis vocibus concinuntur</subfield>
  </datafield>
  <datafield tag="210" ind1=" " ind2=" ">
    <subfield code="a">Romae</subfield>
    <subfield code="c">ex typographia Dominici Basae</subfield>
    <subfield code="d">1585</subfield>
    <subfield code="e">Romae</subfield>
    <subfield code="g">apud Alexandrum Gardanum</subfield>
    <subfield code="h">1585</subfield>
  </datafield>
  <datafield tag="215" ind1=" " ind2=" ">
    <subfield code="a">\1!, 100 c.</subfield>
    <subfield code="d">fol</subfield>
  </datafield>
  <datafield tag="620" ind1=" " ind2=" ">
    <subfield code="a">IT</subfield>
    <subfield code="d">Roma</subfield>
  </datafield>
  <datafield tag="700" ind1=" " ind2="1">
    <subfield code="a">Victoria,</subfield>
    <subfield code="b">Toms̀ Luis : de</subfield>
    <subfield code="3">IT\ICCU\CNCA\012106</subfield>
  </datafield>
  <datafield tag="712" ind1="0" ind2="0">
    <subfield code="a">Gardane, Alessandro</subfield>
    <subfield code="3">IT\ICCU\CNCT\000583</subfield>
    <subfield code="4">650</subfield>
  </datafield>
  <datafield tag="712" ind1="0" ind2="0">
    <subfield code="a">Basa, Domenico</subfield>
    <subfield code="3">IT\ICCU\CNCT\000287</subfield>
    <subfield code="4">650</subfield>
  </datafield>
  <datafield tag="790" ind1=" " ind2="1">
    <subfield code="a">Vittoria,</subfield>
    <subfield code="b">Tommaso Lodovico</subfield>
    <subfield code="3">IT\ICCU\CNCA\025734</subfield>
    <subfield code="z">Victoria, Toms̀ Luis : de</subfield>
  </datafield>
  <datafield tag="790" ind1=" " ind2="1">
    <subfield code="a">Victoria,</subfield>
    <subfield code="b">Thomas Luis : de</subfield>
    <subfield code="3">IT\ICCU\CNCA\025982</subfield>
    <subfield code="z">Victoria, Toms̀ Luis : de</subfield>
  </datafield>
  <datafield tag="791" ind1="0" ind2="0">
    <subfield code="a">Gardano, Alessandro</subfield>
    <subfield code="3">IT\ICCU\CNCT\004832</subfield>
    <subfield code="z">Gardane, Alessandro</subfield>
  </datafield>
  <datafield tag="791" ind1="0" ind2="0">
    <subfield code="a">Gardanus, Alexander</subfield>
    <subfield code="3">IT\ICCU\CNCT\004833</subfield>
    <subfield code="z">Gardane, Alessandro</subfield>
  </datafield>
  <datafield tag="801" ind1=" " ind2="3">
    <subfield code="a">IT</subfield>
    <subfield code="b">ICCU</subfield>
    <subfield code="c">20201115</subfield>
  </datafield>
  <datafield tag="899" ind1=" " ind2=" ">
    <subfield code="a">Biblioteca-Archivio storico della Santa Casa. Loreto</subfield>
    <subfield code="1">AN0084</subfield>
    <subfield code="2">PBE B2</subfield>
  </datafield>
  <datafield tag="899" ind1=" " ind2=" ">
    <subfield code="a">Biblioteca Apostolica Vaticana. Citt ̉del Vaticano</subfield>
    <subfield code="1">EX0001</subfield>
    <subfield code="2">ZCV 01</subfield>
  </datafield>
  <datafield tag="899" ind1=" " ind2=" ">
    <subfield code="a">Biblioteca Opera di Santa Maria del Fiore. Firenze</subfield>
    <subfield code="1">FI0134</subfield>
    <subfield code="2">RT1 BE</subfield>
  </datafield>
  <datafield tag="899" ind1=" " ind2=" ">
    <subfield code="a">Biblioteca del Conservatorio statale di musica Giuseppe Verdi. Milano</subfield>
    <subfield code="1">MI0344</subfield>
    <subfield code="2">LO1 09</subfield>
  </datafield>
  <datafield tag="899" ind1=" " ind2=" ">
    <subfield code="a">Biblioteca dell&apos;Archivio storico diocesano. Novara</subfield>
    <subfield code="1">NO0104</subfield>
    <subfield code="2">ZNO 01</subfield>
  </datafield>
  <datafield tag="899" ind1=" " ind2=" ">
    <subfield code="a">Archivio capitolare della Basilica di S. Prospero. Reggio Emilia</subfield>
    <subfield code="1">RE0105</subfield>
    <subfield code="2">ZRE 13</subfield>
  </datafield>
  <datafield tag="899" ind1=" " ind2=" ">
    <subfield code="a">Biblioteca Casanatense. Roma</subfield>
    <subfield code="1">RM0313</subfield>
    <subfield code="2">RML 07</subfield>
  </datafield>
  <datafield tag="899" ind1=" " ind2=" ">
    <subfield code="a">Biblioteca del Conservatorio statale di musica Benedetto Marcello. Venezia</subfield>
    <subfield code="1">VE0032</subfield>
    <subfield code="2">VEA CO</subfield>
  </datafield>
</record>
</collection>
